<record><leader>00000cas a22000007a 4500</leader><controlfield tag="001">10253565</controlfield><controlfield tag="008">831228c19569999iauwr ne      0   a0eng d</controlfield><datafield ind1=" " ind2=" " tag="010"><subfield code="a">sn 83005982 </subfield></datafield><datafield ind1=" " ind2=" " tag="040"><subfield code="a">NSD</subfield><subfield code="b">eng</subfield><subfield code="c">NSD</subfield><subfield code="d">INP</subfield><subfield code="d">NST</subfield><subfield code="d">OCLCQ</subfield></datafield><datafield ind1=" " ind2=" " tag="012"><subfield code="i">9005</subfield><subfield code="m">1</subfield></datafield><datafield ind1="1" ind2=" " tag="022"><subfield code="a">0746-7540</subfield><subfield code="l">0746-7540</subfield><subfield code="2">1</subfield></datafield><datafield ind1=" " ind2=" " tag="032"><subfield code="a">355960</subfield><subfield code="b">USPS</subfield></datafield><datafield ind1=" " ind2=" " tag="037"><subfield code="b">Mitchell County Press-News, 112 N. 6th St., Osage, IA 50461</subfield></datafield><datafield ind1=" " ind2=" " tag="042"><subfield code="a">nsdp</subfield></datafield><datafield ind1=" " ind2="0" tag="222"><subfield code="a">Mitchell County press-news</subfield></datafield><datafield ind1="0" ind2="4" tag="245"><subfield code="a">The Mitchell County press-news.</subfield></datafield><datafield ind1="3" ind2="0" tag="246"><subfield code="a">Mitchell County press and Osage news, consolidated</subfield></datafield><datafield ind1="1" ind2="7" tag="246"><subfield code="a">Press-news</subfield></datafield><datafield ind1=" " ind2=" " tag="260"><subfield code="a">Osage, Iowa :</subfield><subfield code="b">Osage Pub. Co.,</subfield><subfield code="c">1956-</subfield></datafield><datafield ind1=" " ind2=" " tag="300"><subfield code="a">v.</subfield></datafield><datafield ind1=" " ind2=" " tag="310"><subfield code="a">Weekly</subfield></datafield><datafield ind1="0" ind2=" " tag="362"><subfield code="a">Vol. 91, no. 29 (July 19, 1956)-</subfield></datafield><datafield ind1=" " ind2=" " tag="500"><subfield code="a">Issues for July 19, 1956-&lt;Mar. 6, 1958&gt; have title beneath masthead: The Mitchell County press and Osage news, consolidated.</subfield></datafield><datafield ind1=" " ind2=" " tag="752"><subfield code="a">United States</subfield><subfield code="b">Iowa</subfield><subfield code="c">Mitchell</subfield><subfield code="d">Osage.</subfield></datafield><datafield ind1="0" ind2="0" tag="780"><subfield code="t">Mitchell County press and the Osage news consolidated</subfield><subfield code="w">(DLC)sn 87058445</subfield></datafield><datafield ind1=" " ind2=" " tag="850"><subfield code="a">IaAS</subfield></datafield><datafield ind1=" " ind2=" " tag="936"><subfield code="a">Dec. 14, 1983</subfield></datafield></record>